@article{shokri2017membership,
  title        = {Membership inference attacks against machine learning models},
  author       = {Shokri, Reza and Stronati, Marco and Song, Congzheng and Shmatikov, Vitaly},
  journal      = {2017 IEEE symposium on security and privacy (SP)},
  pages        = {3--18},
  year         = {2017},
  organization = {IEEE}
}

@inproceedings{kipf2017semi,
  title     = {Semi-supervised classification with graph convolutional networks},
  author    = {Kipf, Thomas N and Welling, Max},
  booktitle = {International Conference on Learning Representations},
  year      = {2017}
}

@article{velickovic2018graph,
  title   = {Graph attention networks},
  author  = {Veli{\v{c}}kovi{\'c}, Petar and Cucurull, Guillem and Casanova, Arantxa and Romero, Adriana and Lio, Pietro and Bengio, Yoshua},
  journal = {International Conference on Learning Representations},
  year    = {2018}
}

@inproceedings{hamilton2017inductive,
  title     = {Inductive representation learning on large graphs},
  author    = {Hamilton, Will and Ying, Zhitao and Leskovec, Jure},
  booktitle = {Advances in neural information processing systems},
  pages     = {1024--1034},
  year      = {2017}
}

@article{wu2019simplifying,
  title        = {Simplifying graph convolutional networks},
  author       = {Wu, Felix and Souza, Amauri and Zhang, Tianyi and Fifty, Christopher and Yu, Tao and Weinberger, Kilian},
  journal      = {International conference on machine learning},
  pages        = {6861--6871},
  year         = {2019},
  organization = {PMLR}
}

@article{salem2019ml,
  title   = {ML-Leaks: Model and data independent membership inference attacks and defenses on machine learning models},
  author  = {Salem, Ahmed and Zhang, Yang and Humbert, Mathias and Berrang, Pascal and Fritz, Mario and Backes, Michael},
  journal = {Network and Distributed System Security Symposium},
  year    = {2019}
}

@article{nasr2019comprehensive,
  title        = {Comprehensive privacy analysis of deep learning: Passive and active white-box inference attacks against centralized and federated learning},
  author       = {Nasr, Milad and Shokri, Reza and Houmansadr, Amir},
  journal      = {2019 IEEE symposium on security and privacy (SP)},
  pages        = {739--753},
  year         = {2019},
  organization = {IEEE}
}

@misc{lan2024dlgrapher,
  title  = {{DLG}rapher: Dual Latent Diffusion for Attributed Graph Generation},
  author = {Abele M{\u{a}}lan and Robert Birke and Lydia Y. Chen},
  year   = {2024},
  url    = {https://openreview.net/forum?id=Oy9l6UDWIN}
}

@inproceedings{he2015delving,
  title     = {Delving deep into rectifiers: Surpassing human-level performance on imagenet classification},
  author    = {He, Kaiming and Zhang, Xiangyu and Ren, Shaoqing and Sun, Jian},
  booktitle = {Proceedings of the IEEE international conference on computer vision},
  pages     = {1026--1034},
  year      = {2015}
}

@misc{olatunji2021membershipinferenceattackgraph,
      title={Membership Inference Attack on Graph Neural Networks}, 
      author={Iyiola E. Olatunji and Wolfgang Nejdl and Megha Khosla},
      year={2021},
      eprint={2101.06570},
      archivePrefix={arXiv},
      primaryClass={cs.LG},
      url={https://arxiv.org/abs/2101.06570}, 
}